@online{twint,
  title={TWINT - Twitter Intelligence Tool},
  url={https://pypi.org/project/twint},
  urldate = {2021-12-10}, 
  publisher={Cody Zacharias}
}

@article{sklearn,
 title={Scikit-learn: Machine Learning in {P}ython},
 author={Pedregosa, F. and Varoquaux, G. and Gramfort, A. and Michel, V.
         and Thirion, B. and Grisel, O. and Blondel, M. and Prettenhofer, P.
         and Weiss, R. and Dubourg, V. and Vanderplas, J. and Passos, A. and
         Cournapeau, D. and Brucher, M. and Perrot, M. and Duchesnay, E.},
 journal={Journal of Machine Learning Research},
 volume={12},
 pages={2825--2830},
 year={2011}
 
@article{smith2018disciplined,
  title={A disciplined approach to neural network hyper-parameters: Part 1--learning rate, batch size, momentum, and weight decay},
  author={Smith, Leslie N},
  journal={arXiv preprint arXiv:1803.09820},
  year={2018}
}


@misc{twint,
    author       = {twintproject},
    title        = {{TWINT - Twitter Intelligence Tool}},
    year = 2021,
    url          = {https://github.com/twintproject/twint}
    }